<record><leader>00000cas a22000007a 4500</leader><controlfield tag="001">51539287</controlfield><controlfield tag="008">030129c20019999iluwr ne      0    0eng d</controlfield><datafield ind1=" " ind2=" " tag="010"><subfield code="a">sn2002061149</subfield></datafield><datafield ind1=" " ind2=" " tag="040"><subfield code="a">NVF</subfield><subfield code="b">eng</subfield><subfield code="c">NVF</subfield><subfield code="d">OCLCQ</subfield><subfield code="d">OCLCF</subfield><subfield code="d">OCLCO</subfield></datafield><datafield ind1="1" ind2=" " tag="029"><subfield code="a">AU@</subfield><subfield code="b">000024394135</subfield></datafield><datafield ind1=" " ind2=" " tag="042"><subfield code="a">msc</subfield></datafield><datafield ind1=" " ind2=" " tag="043"><subfield code="a">n-us-il</subfield></datafield><datafield ind1="0" ind2=" " tag="130"><subfield code="a">Woodford County journal (Eureka, Ill. : Eureka-Goodfield-Congerville ed.)</subfield></datafield><datafield ind1="1" ind2="0" tag="245"><subfield code="a">Woodford County journal.</subfield></datafield><datafield ind1=" " ind2=" " tag="250"><subfield code="a">Eureka-Goodfield-Congerville ed.</subfield></datafield><datafield ind1=" " ind2=" " tag="260"><subfield code="a">Eureka, Ill. :</subfield><subfield code="b">Pulitzer, Inc., Pantagraph Pub.,</subfield><subfield code="c">2001-</subfield></datafield><datafield ind1=" " ind2=" " tag="300"><subfield code="a">v.</subfield></datafield><datafield ind1=" " ind2=" " tag="310"><subfield code="a">Weekly</subfield></datafield><datafield ind1="0" ind2=" " tag="362"><subfield code="a">Nov. 15, 2001-</subfield></datafield><datafield ind1=" " ind2=" " tag="588"><subfield code="a">Latest issue consulted: Dec. 12, 2002.</subfield></datafield><datafield ind1=" " ind2="0" tag="651"><subfield code="a">Eureka (Ill.)</subfield><subfield code="v">Newspapers.</subfield></datafield><datafield ind1=" " ind2="4" tag="651"><subfield code="a">Goodfield (Ill.)</subfield><subfield code="v">Newspapers.</subfield></datafield><datafield ind1=" " ind2="4" tag="651"><subfield code="a">Congerville (Ill.)</subfield><subfield code="v">Newspapers.</subfield></datafield><datafield ind1=" " ind2="7" tag="655"><subfield code="a">Newspapers.</subfield><subfield code="2">fast</subfield><subfield code="0">(OCoLC)fst01423814</subfield></datafield><datafield ind1=" " ind2="7" tag="651"><subfield code="a">Illinois</subfield><subfield code="z">Eureka.</subfield><subfield code="2">fast</subfield><subfield code="0">(OCoLC)fst01226528</subfield></datafield><datafield ind1=" " ind2=" " tag="752"><subfield code="a">United States</subfield><subfield code="b">Illinois</subfield><subfield code="c">Woodford</subfield><subfield code="d">Eureka.</subfield></datafield><datafield ind1="0" ind2=" " tag="775"><subfield code="t">Woodford County journal (Eureka, Ill. : Minonk-Dana-Rutland ed.)</subfield><subfield code="w">(DLC)sn2002061150</subfield><subfield code="w">(OCoLC)51539452</subfield></datafield><datafield ind1="0" ind2=" " tag="775"><subfield code="t">Woodford County journal (Eureka, Ill. : Roanoke-Benson ed.)</subfield></datafield><datafield ind1="0" ind2="1" tag="780"><subfield code="t">Woodford County journal (Eureka, Ill. : 1913)</subfield><subfield code="w">(DLC)sn 90054578</subfield><subfield code="w">(OCoLC)22251295</subfield></datafield></record>